@software{brevitas,
  author       = {Alessandro Pappalardo},
  title        = {Xilinx/brevitas},
  year         = {2021},
  publisher    = {Zenodo},
  doi          = {10.5281/zenodo.3333552},
  url          = {https://doi.org/10.5281/zenodo.3333552}
}