@inproceedings{mlir,
  author={Lattner, Chris and Amini, Mehdi and Bondhugula, Uday and Cohen, Albert and Davis, Andy and Pienaar, Jacques and Riddle, River and Shpeisman, Tatiana and Vasilache, Nicolas and Zinenko, Oleksandr},
  booktitle={2021 {{IEEE/ACM}} International Symposium on Code Generation and Optimization (CGO)},
  title={{{MLIR}}: Scaling Compiler Infrastructure for Domain Specific Computation},
  year={2021},
  volume={},
  number={},
  pages={2-14},
  doi={10.1109/CGO51591.2021.9370308},
  url = {https://ieeexplore.ieee.org/document/9370308}
}