@inproceedings{nn_cpu_optim,
title	= {Improving the speed of neural networks on CPUs},
author	= {Vincent Vanhoucke and Andrew Senior and Mark Z. Mao},
year	= {2011},
booktitle	= {Deep Learning and Unsupervised Feature Learning Workshop, NIPS 2011}
}