@misc{zhang2019qpytorch,
    title={QPyTorch: A Low-Precision Arithmetic Simulation Framework},
    author={Tianyi Zhang and Zhiqiu Lin and Guandao Yang and Christopher De Sa},
    year={2019},
    eprint={1910.04540},
    archivePrefix={arXiv},
    primaryClass={cs.LG},
    url = {https://arxiv.org/abs/1910.04540}
}