@article{ye2021scalehls,
  title={ScaleHLS: A New Scalable High-Level Synthesis Framework on Multi-Level Intermediate Representation},
  author={Ye, Hanchen and Hao, Cong and Cheng, Jianyi and Jeong, Hyunmin and Huang, Jack and Neuendorffer, Stephen and Chen, Deming},
  journal={arXiv preprint arXiv:2107.11673},
  year={2021},
  url = {https://arxiv.org/abs/2107.11673}
}