@article{tensor2tensor,
  author    = {Ashish Vaswani and Samy Bengio and Eugene Brevdo and
    Francois Chollet and Aidan N. Gomez and Stephan Gouws and Llion Jones and
    \L{}ukasz Kaiser and Nal Kalchbrenner and Niki Parmar and Ryan Sepassi and
    Noam Shazeer and Jakob Uszkoreit},
  title     = {Tensor2Tensor for Neural Machine Translation},
  journal   = {CoRR},
  volume    = {abs/1803.07416},
  year      = {2018},
  url       = {http://arxiv.org/abs/1803.07416},
}